@BOOK{Magda_ASM_Pentium,
  author       = {Ю. С. Магда},
  title        = {Ассемблер для процессоров Intel Pentium.},
  publisher    = {Питер},
  address      = {СПб.},
  year         = {2006},
  pagetotal    = {410},
  language     = {russian},
}

@BOOK{Magda_ASM_Windows,
  author       = {Ю. С. Магда},
  title        = {Ассемблер. Разработка и оптимизация Windows-приложений.},
  publisher    = {БХВ-Петербург},
  address      = {СПб.},
  year         = {2003},
  pagetotal    = {544},
  language     = {russian},
}

@BOOK{Guts_Mathem_Logic,
  author       = {А. К. Гуц},
  title        = {Математическая логика и теория алгоритмов: Учебное пособие.},
  publisher    = {Издательство Наследие. Даилог-Сибирь},
  address      = {Омск},
  year         = {2003},
  pagetotal    = {108},
  language     = {russian},
}

@INPROCEEDINGS{Chernuchko_Crypto,
  author       = {М. М. Чернушко},
  title        = {Применение машины Тьюринга для реализации алгоритмов шифрования},
  booktitle    = {Технические науки: теория и практика: материалы II междунар. науч. конф. (г.~Чита, январь 2014 г.).},
  date		   = {январь 2014 г.},
  pages        = {19--22},
  location	   = {Чита},
  publisher    = {Издательство Молодой ученый},
  year 		   = {2014},
  language     = {russian}
}

@BOOK{Levine_Flex_Bison,
  author       = {John Levine},
  title        = {flex & bison Text Processing Tools.},
  publisher    = {O'Reilly Media},
  year         = {2009},
  pagetotal    = {292},
  language     = {english},
}

@BOOK{Levine_Lex_Yacc,
  author       = {John R. Levine and Tony Mason and Doug Brown},
  title        = {lex & yacc.},
  publisher    = {O'Reilly Media},
  year         = {1992},
  pagetotal    = {388},
  language     = {english},
}

@BOOK{Pratt_Languages,
  author       = {Пратт Т. and Зелковиц М.},
  editor	   = {А. Матросова},
  title        = {Языки программирования: разработка и реализация},
  publisher    = {Питер},
  address      = {СПб.},
  year         = {2002},
  pagetotal    = {688},
  language     = {russian}
}

@BOOK{Axo_Theory_V1,
  author       = {А. Ахо and Дж. Ульман},
  translator   = {В. Н. Агафонова},
  editor       = {В. М. Курочкина},
  title        = {Теория синтаксического анализа, перевода и компиляции. Том 1 Синтаксический анализ},
  publisher    = {Издательство «Мир»},
  address      = {М.},
  year         = {1978},
  volume       = {1},
  pagetotal    = {612},
  language     = {russian}
}

@BOOK{Axo_Theory_V2,
  author       = {А. Ахо and Дж. Ульман},
  translator   = {А. Н. Бирюкова and В. А. Серебрякова},
  editor       = {В. М. Курочкина},
  title        = {Теория синтаксического анализа, перевода и компиляции. Том 2 Компиляция},
  publisher    = {Издательство «Мир»},
  address      = {М.},
  year         = {1978},
  volume       = {2},
  pagetotal    = {612},
  language     = {russian}
}

@BOOK{Axo_Compillers,
  author       = {А. Ахо and Р. Сети and Дж. Ульман},
  title        = {Компиляторы: принципы, технологии и инструменты},
  publisher    = {Издательский дом «Вильямс»},
  address      = {М.},
  year         = {2003},
  pagetotal    = {768},
  language     = {russian}
}

@BOOK{Serebryacov_Compillers,
  author       = {В. А. Серебряков and М. П. Галочкин},
  title        = {Основы конструирования компиляторов},
  publisher    = {Едиториал УРСС},
  year         = {2001},
  pagetotal    = {192},
  language     = {russian}
}

@BOOK{Rodger_JFLAP,
  author       = {S. H. Rodger and T. W. Finley},
  title        = {JFLAP: An Interactive Formal Languages and Automata Package.},
  publisher    = {Jones and Bartlett},
  year         = {2006},
  pagetotal    = {192},
  language     = {english},
}

@ONLINE{Polyakov_Turing,
author = {К. Поляков},
title = {Учебная модель компьютера «Машина Тьюринга»},
year = {2016},
url = {http://kpolyakov.spb.ru/prog/turing.htm},
urldate = {06.10.2016},
language     = {russian},
}

@ONLINE{Online_Turing,
author = {А. С. Балюк},
title = {Детерминированная машина Тьюринга},
year = {2007},
url = {http://matinf.igpu.ru/simulator/tm.html},
urldate = {06.10.2016},
language     = {russian},
}


@ARTICLE{Yuravlev_Families,
  author       = {А. Ф. Журавлев},
  title        = {К статистике русских фамилий. I},
  journal      = {Вопросы ономастики.},
  pages        = {126--146},
  volume       = {2},
  year         = {1993},
  language     = {russian},
}

